<record><leader>00000cas a22000007a 4500</leader><controlfield tag="001">19191462</controlfield><controlfield tag="008">890213d19661972aruwr ne      0    0eng d</controlfield><datafield ind1=" " ind2=" " tag="010"><subfield code="a">sn 89051069 </subfield></datafield><datafield ind1=" " ind2=" " tag="040"><subfield code="a">ANU</subfield><subfield code="b">eng</subfield><subfield code="c">ANU</subfield><subfield code="d">OCLCQ</subfield></datafield><datafield ind1=" " ind2=" " tag="042"><subfield code="a">msc</subfield></datafield><datafield ind1="0" ind2="0" tag="245"><subfield code="a">Pea Ridge graphic.</subfield></datafield><datafield ind1=" " ind2=" " tag="260"><subfield code="a">Pea Ridge, Benton County, Ark. :</subfield><subfield code="b">Tri-State Publisher</subfield></datafield><datafield ind1=" " ind2=" " tag="300"><subfield code="a">v.</subfield></datafield><datafield ind1=" " ind2=" " tag="310"><subfield code="a">Weekly</subfield></datafield><datafield ind1="0" ind2=" " tag="362"><subfield code="a">Vol. 1, no. 1 (Jan. 6, 1966)-v.2, no. 4 (Jan. 26, 1967) ; 2nd year, no. 5 (Feb. 2, 1967)-7th year, no. 48 (Nov. 30, 1972).</subfield></datafield><datafield ind1=" " ind2=" " tag="515"><subfield code="a">Numbering is irregular.</subfield></datafield><datafield ind1=" " ind2="4" tag="651"><subfield code="a">Pea Ridge (Ark.)</subfield><subfield code="v">Newspapers.</subfield></datafield><datafield ind1=" " ind2="4" tag="651"><subfield code="a">Benton County (Ark.)</subfield><subfield code="v">Newspapers.</subfield></datafield><datafield ind1=" " ind2=" " tag="752"><subfield code="a">United States</subfield><subfield code="b">Arkansas</subfield><subfield code="c">Benton</subfield><subfield code="d">Pea Ridge.</subfield></datafield><datafield ind1="0" ind2="7" tag="785"><subfield code="t">Cave Springs scene</subfield><subfield code="w">(DLC)sn 89051068</subfield></datafield><datafield ind1="0" ind2="7" tag="785"><subfield code="t">Pea Ridge graphic-scene</subfield><subfield code="w">(DLC)sn 89051067</subfield></datafield></record>